<record><leader>00000cas a22000007a 4500</leader><controlfield tag="001">34342326</controlfield><controlfield tag="008">960311d188u1uuumeu x ne      0    0eng d</controlfield><datafield ind1=" " ind2=" " tag="010"><subfield code="a">sn 95068032 </subfield></datafield><datafield ind1=" " ind2=" " tag="040"><subfield code="a">MBN</subfield><subfield code="b">eng</subfield><subfield code="c">MBN</subfield><subfield code="d">OCLCQ</subfield><subfield code="d">OCLCF</subfield><subfield code="d">OCLCO</subfield></datafield><datafield ind1="1" ind2=" " tag="029"><subfield code="a">AU@</subfield><subfield code="b">000025891017</subfield></datafield><datafield ind1=" " ind2=" " tag="042"><subfield code="a">msc</subfield></datafield><datafield ind1=" " ind2=" " tag="043"><subfield code="a">n-us-me</subfield></datafield><datafield ind1="0" ind2=" " tag="130"><subfield code="a">Fair reporter (Deering, Me.)</subfield></datafield><datafield ind1="1" ind2="0" tag="245"><subfield code="a">Fair reporter.</subfield></datafield><datafield ind1=" " ind2=" " tag="260"><subfield code="a">Deering, Me. :</subfield><subfield code="b">Deering Village Improvement Association</subfield></datafield><datafield ind1=" " ind2=" " tag="300"><subfield code="a">v.</subfield></datafield><datafield ind1=" " ind2=" " tag="310"><subfield code="a">Irregular</subfield></datafield><datafield ind1=" " ind2=" " tag="321"><subfield code="a">Daily (during the fair),</subfield><subfield code="b">&lt;1887&gt;</subfield></datafield><datafield ind1=" " ind2=" " tag="500"><subfield code="a">Issued for the fairs of the Deering Village Improvement Association.</subfield></datafield><datafield ind1=" " ind2=" " tag="500"><subfield code="a">Deering annexed to Portland, Me., 1899.</subfield></datafield><datafield ind1=" " ind2=" " tag="588"><subfield code="a">Description based on: Vol. 2, no. 1 (Nov. 19, 1887).</subfield></datafield><datafield ind1=" " ind2="0" tag="651"><subfield code="a">Deering (Portland, Me.)</subfield><subfield code="v">Newspapers.</subfield></datafield><datafield ind1=" " ind2="7" tag="655"><subfield code="a">Newspapers.</subfield><subfield code="2">fast</subfield><subfield code="0">(OCoLC)fst01423814</subfield></datafield><datafield ind1=" " ind2="7" tag="651"><subfield code="a">Maine</subfield><subfield code="z">Portland</subfield><subfield code="z">Deering.</subfield><subfield code="2">fast</subfield><subfield code="0">(OCoLC)fst01320947</subfield></datafield><datafield ind1=" " ind2=" " tag="752"><subfield code="a">United States</subfield><subfield code="b">Maine</subfield><subfield code="c">Cumberland</subfield><subfield code="d">Portland.</subfield></datafield><datafield ind1=" " ind2=" " tag="752"><subfield code="a">United States</subfield><subfield code="b">Maine</subfield><subfield code="c">Cumberland</subfield><subfield code="d">Deering.</subfield></datafield></record>